@article{hughes1989functional,
  title={Why functional programming matters},
  author={Hughes, John},
  journal={The computer journal},
  volume={32},
  number={2},
  pages={98--107},
  year={1989},
  publisher={Oxford University Press}
}

@online{700mil,
  author = {Danielle Kittleberger},
  title = {How many guitar players are there worldwide? (2019-2023 data)},
  year = 2023,
  url = {https://www.guitarchalk.com/how-many-guitar-players/#:~:text=Estimated%20number%20of%20guitar%20players,percent%20of%20the%20world's%20population},
  urldate = {2023-11-10}
}

@misc{whatisanfpga,
  author = {AMD Xilinx},
  title = {What is an {FPGA}?},
  year = 2023,
  url = {https://www.xilinx.com/products/silicon-devices/fpga/what-is-an-fpga.html},
  urldate = {2023-11-10}
}

@misc{audio-effects,
  author = {Udeeksh Sood},
  title = {Audio Effects: The complete FX guide for beginners},
  year = 2022,
  url = {https://learnmusicproduction.in/blogs/music-production-and-audio-engineering/audio-effects-the-complete-fx-guide-for-beginners},
  urldate = {2023-12-03}
}

@misc{overleaf,
  author = {Overleaf},
  title = {Overleaf - {A}bout us},
  year = 2023,
  url = {https://www.overleaf.com/about},
  urldate = {2023-11-10}
}

@misc{i2s,
  author = {Philips Semiconductors},
  title = {{I2S} {B}us {S}pecification},
  year = 2022,
  url = {https://web.archive.org/web/20070102004400/http://www.nxp.com/acrobat_download/various/I2SBUS.pdf},
  urldate = {2023-11-11}
}

@misc{zybo-ref-man,
  author = {Digilent},
  title = {Zybo {Z7} {R}eference {M}anual},
  year = 2023,
  url = {https://digilent.com/reference/programmable-logic/zybo-z7/reference-manual},
  urldate = {2023-12-01}
}

@misc{i2c,
  author = {NXP Semiconductors},
  title = {{I2C} {B}us {S}pecification and {U}ser {M}anual},
  year = 2021,
  url = {https://www.nxp.com/docs/en/user-guide/UM10204.pdf},
  urldate = {2023-12-01}
}

@misc{dma-demo,
  author = {Digilent},
  title = {Zybo {Z7} {DMA} {A}udio {D}emo},
  year = 2022,
  url = {https://digilent.com/reference/programmable-logic/zybo-z7/demos/dma-audio},
  urldate = {2023-12-01}
}

@misc{trello,
  author = {Atlassian},
  title = {What {I}s {T}rello: Learn features, uses and more},
  year = 2023,
  url = {https://trello.com/tour#:~:text=What%20is%20Trello%3F,how%20your%20team%20works%20best.},
  urldate = {2023-12-01}
}

@misc{github,
  author = {GitHub},
  title = {About {G}it{H}ub},
  year = 2023,
  url = {https://github.com/about},
  urldate = {2023-12-01}
}

@misc{axi,
  author = {ARM},
  title = {{AMBA AXI} and {ACE P}rotocol {S}pecification},
  year = 2011,
  url = {http://www.gstitt.ece.ufl.edu/courses/fall15/eel4720_5721/labs/refs/AXI4_specification.pdf},
  urldate = {2023-12-02}
}

@techreport{rochester,
    author = {Connor William Blasie},
    title = {{D}esign of {DSP G}uitar {E}ffects with {FPGA I}mplementation},
    institution = {Rochester Institute of Technology},
    year = 2020,
    url = {https://scholarworks.rit.edu/cgi/viewcontent.cgi?article=11514&context=theses},
    urldate = {2023-12-02}
}

@techreport{california,
    author = {Carson Robles},
    title = {An {FPGA I}mplementation of {D}igital {G}uitar {E}ffects},
    year = 2019,
    institution = {The Faculty of California Polytechnic State University},
    url = {https://digitalcommons.calpoly.edu/cgi/viewcontent.cgi?article=1326&context=cpesp},
    urldate = {2023-12-02}
}

@techreport{tel-aviv,
    author = {Vladi Litmanovich, Adi Mikler},
    title = {{FPGA D}esign and {I}mplementation of {E}lectric {G}uitar {A}udio {E}ffects},
    year = 2017,
    institution = {University of Tel Aviv},
    url = {https://github.com/Vladilit/fpga-multi-effect/blob/master/FPGA%20Design%20and%20Implementation%20of%20Electric%20Guitar%20Audio%20Effects%20-%20Project%20Report.pdf},
    urldate = {2023-12-02}
}

