@article{hughes1989functional,
  title={Why functional programming matters},
  author={Hughes, John},
  journal={The computer journal},
  volume={32},
  number={2},
  pages={98--107},
  year={1989},
  publisher={Oxford University Press}
}

@online{700mil,
  author = {Danielle Kittleberger},
  title = {How many guitar players are there worldwide? (2019-2023 data)},
  year = 2023,
  url = {https://www.guitarchalk.com/how-many-guitar-players/#:~:text=Estimated%20number%20of%20guitar%20players,percent%20of%20the%20world's%20population},
  urldate = {2023-11-10}
}

@online{whatisanfpga,
  author = {AMD Xilinx},
  title = {What is an {FPGA}?},
  year = 2023,
  url = {https://www.xilinx.com/products/silicon-devices/fpga/what-is-an-fpga.html},
  urldate = {2023-11-10}
}

@online{overleaf,
  author = {Overleaf},
  title = {Overleaf - {A}bout us},
  year = 2023,
  url = {https://www.overleaf.com/about},
  urldate = {2023-11-10}
}